<record><leader>00000cas a2200000 a 4500</leader><controlfield tag="001">11312892</controlfield><controlfield tag="008">841026d18941895ksuwr ne      0   a0eng d</controlfield><datafield ind1=" " ind2=" " tag="010"><subfield code="a">sn 84030213 </subfield></datafield><datafield ind1=" " ind2=" " tag="040"><subfield code="a">KSH</subfield><subfield code="b">eng</subfield><subfield code="c">KSH</subfield><subfield code="d">NPT</subfield><subfield code="d">OCL</subfield><subfield code="d">OCLCQ</subfield></datafield><datafield ind1=" " ind2=" " tag="042"><subfield code="a">msc</subfield></datafield><datafield ind1="0" ind2="4" tag="245"><subfield code="a">The Greeley County democrat.</subfield></datafield><datafield ind1=" " ind2=" " tag="260"><subfield code="a">Tribune, Kan. :</subfield><subfield code="b">Democratic County Central Committee,</subfield><subfield code="c">1894-</subfield></datafield><datafield ind1=" " ind2=" " tag="300"><subfield code="a">v. :</subfield><subfield code="b">ill. ;</subfield><subfield code="c">38-55 cm.</subfield></datafield><datafield ind1=" " ind2=" " tag="310"><subfield code="a">Weekly</subfield></datafield><datafield ind1="0" ind2=" " tag="362"><subfield code="a">Vol. 1, no. 1 (Oct. 25, 1894)-</subfield></datafield><datafield ind1="1" ind2=" " tag="362"><subfield code="a">Ceased in 1895.</subfield></datafield><datafield ind1=" " ind2=" " tag="500"><subfield code="a">Published by: Democratic Pub. Co., Nov. 1, 1894-Jan. 10, 1895; Van Noy &amp; Milford, Jan. 17, 1895.</subfield></datafield><datafield ind1=" " ind2=" " tag="752"><subfield code="a">United States</subfield><subfield code="b">Kansas</subfield><subfield code="c">Greeley</subfield><subfield code="d">Tribune.</subfield></datafield><datafield ind1="0" ind2="0" tag="785"><subfield code="t">Tribune leader</subfield><subfield code="w">(DLC)sn 84030212</subfield></datafield></record>